% Encoding: UTF-8

@Article{lowry1951protein,
  author  = {Lowry, Oliver H and Rosebrough, Nira J and Farr, A Lewis and Randall, Rose J and others},
  title   = {Protein measurement with the Folin phenol reagent.},
  journal = {Journal of biological chemistry},
  year    = {1951},
  volume  = {193},
  pages   = {265--275},
}

@Article{weber1969reliability,
  author    = {Weber, Klaus and Osborn, Mary},
  title     = {The reliability of molecular weight determinations by dodecyl sulfate-polyacrylamide gel electrophoresis},
  journal   = {Journal of Biological Chemistry},
  year      = {1969},
  volume    = {244},
  number    = {16},
  pages     = {4406--4412},
  publisher = {ASBMB},
}

@Comment{jabref-meta: databaseType:bibtex;}
